% Put you own bibliography entries in this file

@article{Englert:1964et,
        title         = {{Broken Symmetry and the Mass of Gauge Vector Mesons}},
        author        = {Englert, F. and Brout, R.},
        year          = 1964,
        journal       = {Phys. Rev. Lett.},
        volume        = 13,
        pages         = 321,
        doi           = {10.1103/PhysRevLett.13.321},
        slaccitation  = {%%CITATION = PRLTA,13,321;%%},
        publisher     = {American Physical Society},
        issue         = 9,
        numpages      = {0}
}

@article{Higgs:1964ia,
        title         = {{Broken symmetries, massless particles and gauge fields}},
        author        = {Higgs, Peter W.},
        year          = 1964,
        journal       = {Phys. Lett.},
        volume        = 12,
        pages         = 132,
        doi           = {10.1016/0031-9163(64)91136-9},
        slaccitation  = {%%CITATION = PHLTA,12,132;%%}
}

@article{Higgs:1964pj,
        title         = {{Broken Symmetries and the Masses of Gauge Bosons}},
        author        = {Higgs, Peter W.},
        year          = 1964,
        journal       = {Phys. Rev. Lett.},
        volume        = 13,
        pages         = 508,
        doi           = {10.1103/PhysRevLett.13.508},
        slaccitation  = {%%CITATION = PRLTA,13,508;%%},
        publisher     = {American Physical Society},
        issue         = 16,
        numpages      = {0}
}

@article{Guralnik:1964eu,
        title         = {Global Conservation Laws and Massless Particles},
        author        = {G.~S.~Guralnik and C.~R.~Hagen and T.~W.~B.~Kibble},
        year          = 1964,
        journal       = {Phys. Rev. Lett.},
        volume        = 13,
        pages         = 585,
        doi           = {10.1103/PhysRevLett.13.585}
}
@article{Higgs:1966ev,
        title         = {{Spontaneous Symmetry Breakdown without Massless Bosons}},
        author        = {Higgs, Peter W.},
        year          = 1966,
        journal       = {Phys. Rev.},
        volume        = 145,
        pages         = 1156,
        doi           = {10.1103/PhysRev.145.1156}
}
@article{Kibble:1967sv,
        title         = {{Symmetry Breaking in Non-Abelian Gauge Theories}},
        author        = {T.~W.~B.~Kibble},
        year          = 1967,
        journal       = {Phys. Rev.},
        volume        = 155,
        pages         = 1554,
        doi           = {10.1103/PhysRev.155.1554}
}


@article{DiMicco:2019ngk,
    %author = "Alison, J. and others",
    author = "Di Micco, Biagio and Gouzevitch, Maxime and Mazzitelli, Javier and Vernieri, Caterina",
    title = "{Higgs boson potential at colliders: Status and perspectives}",
    eprint = "1910.00012",
    archivePrefix = "arXiv",
    primaryClass = "hep-ph",
    reportNumber = "FERMILAB-CONF-19-468-E-T, LHCXSWG-2019-005",
    doi = "10.1016/j.revip.2020.100045",
    journal = "Reviews in Physics",
    volume = "5",
    pages = "100045",
    year = "2020"
}


@Article{Baglio:2020wgt,
    author = "Baglio, J. and Campanario, F. and Glaus, S. and M{\"u}hlleitner, M. and Ronca, J. and Spira, M.",
    title = "{$gg\to HH$: Combined uncertainties}",
    eprint = "2008.11626",
    archivePrefix = "arXiv",
    primaryClass = "hep-ph",
    doi = "10.1103/PhysRevD.103.056002",
    journal = "Phys. Rev. D",
    volume = "103",
    number = "5",
    pages = "056002",
    year = "2021",
}

@Article{ATLAS4b,
    author         = "{ATLAS Collaboration}",
    title          = "{Search for nonresonant pair production of Higgs bosons in the $b\bar{b}b\bar{b}$ final state in \(pp\) collisions at \(\sqrt{s} = 13\) TeV with the ATLAS detector}",
    year           = "2023",
    eprint = "2301.03212",
    archivePrefix = "arXiv",
    primaryClass = "hep-ex",
    reportNumber   = "CERN-EP-2022-235",
    journal = "Phys. Rev. D",
    volume = "108",
    number = "5",
    pages = "052003",
    year = "2023",
    doi = "10.1103/PhysRevD.108.052003",
   
}

@article{HDBS-2018-40,
    author         = "{ATLAS Collaboration}",
    title = "{Search for resonant and non-resonant Higgs boson pair production in the $b\bar b\tau^+\tau^-$ decay channel using 13 TeV $pp$ collision data from the ATLAS detector}",
    eprint = "2209.10910",
    archivePrefix = "arXiv",
    primaryClass = "hep-ex",
    reportNumber = "CERN-EP-2022-109",
    doi = "10.1007/JHEP07(2023)040",
    journal = "JHEP",
    volume = "07",
    pages = "040",
    year = "2023"    
}

@article{HDBS-2022-03_custom,
    author         = "{ATLAS Collaboration}",
    title = "{Constraints on the Higgs boson self-coupling from single- and double-Higgs production with the ATLAS detector using $pp$ collisions at $\sqrt{s}=13$ TeV}",
    eprint = "2211.01216",
    archivePrefix = "arXiv",
    primaryClass = "hep-ex",
    reportNumber = "CERN-EP-2022-149",
    doi = "10.1016/j.physletb.2023.137745",
    journal = "Phys. Lett. B",
    volume = "843",
    pages = "137745",
    year = "2023"    
}

@article{LUCID2,
        title         = {The new LUCID-2 detector for luminosity measurement and monitoring in ATLAS},
        author        = {G. Avoni and others},
        year          = 2018,
        journal       = {JINST},
        volume        = 13,
        number        = {07},
        pages         = {P07017},
        doi           = {10.1088/1748-0221/13/07/P07017}
}

@article{powheg-sm,
    author = "Heinrich, G. and Jones, S. P. and Kerner, M. and Luisoni, G. and Vryonidou, E.",
    title = "{NLO predictions for Higgs boson pair production with full top quark mass dependence matched to parton showers}",
    eprint = "1703.09252",
    archivePrefix = "arXiv",
    primaryClass = "hep-ph",
    reportNumber = "CERN-TH-2017-069, MPP-2017-41, NIKHEF-2017-020",
    doi = "10.1007/JHEP08(2017)088",
    journal = "JHEP",
    volume = "08",
    pages = "088",
    year = "2017"
}

@article{Gieseke:2012ft,
author         = "Gieseke, Stefan and R{\"o}hr, Christian and Siodmok, Andrzej",
title          = "{Colour reconnections in Herwig++}",
journal        = "Eur. Phys. J. C",
volume         = "72",
year           = "2012",
pages          = "2225",
doi            = "10.1140/epjc/s10052-012-2225-5",
eprint         = "1206.0041",
archivePrefix  = "arXiv",
primaryClass   = "hep-ph",
reportNumber   = "MCNET-12-06, KA-TP-17-2012, MAN-HEP-2012-03",
SLACcitation   = "%%CITATION = ARXIV:1206.0041;%%"
}

@article{Mimasu:2015nqa,
      author         = "Mimasu, Ken and Sanz, Veronica and Williams, Ciaran",
      title          = "{Higher order QCD predictions for associated Higgs
                        production with anomalous couplings to gauge bosons}",
      journal        = "JHEP",
      volume         = "08",
      year           = "2016",
      pages          = "039",
      doi            = "10.1007/JHEP08(2016)039",
      eprint         = "1512.02572",
      archivePrefix  = "arXiv",
      primaryClass   = "hep-ph",
      SLACcitation   = "%%CITATION = ARXIV:1512.02572;%%" 
}

@article{Luisoni:2013kna,
      author         = "Luisoni, Gionata and Nason, Paolo and Oleari, Carlo and
                        Tramontano, Francesco",
      title          = "{$HW^{\pm}$/HZ + 0 and 1 jet at NLO with the POWHEG BOX
                        interfaced to GoSam and their merging within MiNLO}",
      journal        = "JHEP",
      volume         = "10",
      year           = "2013",
      pages          = "083",
      doi            = "10.1007/JHEP10(2013)083",
      eprint         = "1306.2542",
      archivePrefix  = "arXiv",
      primaryClass   = "hep-ph",
      SLACcitation   = "%%CITATION = ARXIV:1306.2542;%%"
}

@Booklet{ATL-PHYS-PUB-2019-007,
      author        = "{ATLAS Collaboration}",
      title         = "{Validation of signal Monte Carlo event generation in
                       searches for Higgs boson pairs with the ATLAS detector}",
      howpublished  = "{ATL-PHYS-PUB-2019-007}",
      url           = "https://cds.cern.ch/record/2665057",
      year          = "2019",
}

@inproceedings{Chen:2016:XST:2939672.2939785,
    author = "Chen, Tianqi and Guestrin, Carlos",
    title = "XGBoost: A Scalable Tree Boosting System",
    eprint = "1603.02754",
    archivePrefix = "arXiv",
    primaryClass = "cs.LG",
    doi = "10.1145/2939672.2939785",
    booktitle = "{KDD 16}",
    pages = "785--794",
    year = "(2016),",
}

@article{Almeida:2008yp,
    author = "Almeida, Leandro G. and Lee, Seung J. and Perez, Gilad and Sterman, George F. and Sung, Ilmo and Virzi, Joseph",
    title = "{Substructure of high-$p_T$ jets at the LHC}",
    eprint = "0807.0234",
    archivePrefix = "arXiv",
    primaryClass = "hep-ph",
    reportNumber = "YITP-SB-08-31",
    doi = "10.1103/PhysRevD.79.074017",
    journal = "Phys. Rev. D",
    volume = "79",
    pages = "074017",
    year = "2009"
}

@booklet{dscb1,
 author         = "Oreglia, M.",
 title          = "{A Study of the Reactions $\psi^\prime \to \gamma\gamma\psi$}",
 school         = "SLAC",
 url            = "https://www-public.slac.stanford.edu/sciDoc/docMeta.aspx?slacPubNumber=slac-r-236",
 % year           = "1980",
 % reportNumber   = "SLAC-R-0236",
 howpublished   = "{Appendix D. Ph.D. thesis, Stanford University, SLAC-R-0236 (1980)}",
 SLACcitation   = "%%CITATION = SLAC-0236;%%"
}

@Article{TOPQ-2012-16-corr,
    author         = "{ATLAS Collaboration}",
    title          = "{Study of heavy-flavor quarks produced in association with top-quark pairs at \(\sqrt{s} = 7\,\text{TeV}\) using the ATLAS detector}",
    journal        = "Phys. Rev. D",
    volume         = "89",
    year           = "2014",
    pages          = "072012",
    doi            = "10.1103/PhysRevD.89.072012",
    reportNumber   = "CERN-PH-EP-2013-030",
    eprint         = "1304.6386",
    archivePrefix  = "arXiv",
    primaryClass   = "hep-ex",
}



@article{Grazzini:2018bsd,
      author         = "Grazzini, Massimiliano and Heinrich, Gudrun and Jones,
                        Stephen and Kallweit, Stefan and Kerner, Matthias and
                        Lindert, Jonas M. and Mazzitelli, Javier",
      title          = "{Higgs boson pair production at NNLO with top quark mass
                        effects}",
      journal        = "JHEP",
      volume         = "05",
      year           = "2018",
      pages          = "059",
      doi            = "10.1007/JHEP05(2018)059",
      eprint         = "1803.02463",
      archivePrefix  = "arXiv",
      primaryClass   = "hep-ph",
      reportNumber   = "CERN-TH-2018-044, IPPP/18/15, MPP-2018-30, ZU-TH 10/18,
                        CERN-TH-2018-044, IPPP-18-15, MPP-2018-30, ZU-TH-10-18",
      SLACcitation   = "%%CITATION = ARXIV:1803.02463;%%"
}

@article{Heinrich:2019bkc,
      author         = "Heinrich, G. and Jones, S. P. and Kerner, M. and Luisoni,
                        G. and Scyboz, L.",
      title          = "{Probing the trilinear Higgs boson coupling in di-Higgs
                        production at NLO QCD including parton shower effects}",
      journal        = "JHEP",
      volume         = "06",
      year           = "2019",
      pages          = "066",
      doi            = "10.1007/JHEP06(2019)066",
      eprint         = "1903.08137",
      archivePrefix  = "arXiv",
      primaryClass   = "hep-ph",
      SLACcitation   = "%%CITATION = ARXIV:1903.08137;%%"
}

@article{deFlorian:2016spz,
      author         = "{LHC Higgs Cross Section Working Group} and de Florian, D. and others",
      title          = "{Handbook of LHC Higgs cross sections: 4. Deciphering the
                        nature of the Higgs sector}",
      collaboration  = "LHC Higgs Cross Section Working Group",
      journal        = "CERN-2017-002-M",
      year           = "2017",
      eprint         = "1610.07922",
      archivePrefix  = "arXiv",
      primaryClass   = "hep-ph",
      reportNumber   = "FERMILAB-FN-1025-T, CERN-2017-002-M",
      doi            = "10.23731/CYRM-2017-002",
      SLACcitation   = "%%CITATION = ARXIV:1610.07922;%%"
}

@article{Dawson:1998py,
      author         = "Dawson, S. and Dittmaier, S. and Spira, M.",
      title          = "{Neutral Higgs-boson pair production at hadron colliders:
                        QCD corrections}",
      journal        = "Phys. Rev. D",
      volume         = "58",
      year           = "1998",
      pages          = "115012",
      doi            = "10.1103/PhysRevD.58.115012",
      eprint         = "hep-ph/9805244",
      archivePrefix  = "arXiv",
      primaryClass   = "hep-ph",
      reportNumber   = "DESY-98-028, BNL-HET-98-15, CERN-TH-98-135",
      SLACcitation   = "%%CITATION = HEP-PH/9805244;%%"
}

@article{Borowka:2016ehy,
      author         = "Borowka, S. and Greiner, N. and Heinrich, G. and Jones,
                        S. P. and Kerner, M. and Schlenk, J. and Schubert, U.
                        and Zirke, T.",
      title          = "{Higgs Boson Pair Production in Gluon Fusion at
                        Next-to-Leading Order with Full Top-Quark Mass
                        Dependence}",
      journal        = "Phys. Rev. Lett.",
      volume         = "117",
      year           = "2016",
      number         = "1",
      pages          = "012001",
      doi            = "10.1103/PhysRevLett.117.012001",
      note           = "[Erratum: \href{https//doi.org/10.1103/PhysRevLett.117.079901}{Phys. Rev. Lett. \textbf{117} (2016) 079901}]",
      eprint         = "1604.06447",
      archivePrefix  = "arXiv",
      primaryClass   = "hep-ph",
      reportNumber   = "MPP-2016-80, NSF-KITP-16-040, ZH-TH-14-16",
      SLACcitation   = "%%CITATION = ARXIV:1604.06447;%%"
}

@article{Baglio:2018lrj,
      author         = "Baglio, Julien and Campanario, Francisco and Glaus,
                        Seraina and Mühlleitner, Margarete and Spira, Michael and
                        Streicher, Juraj",
      title          = "{Gluon fusion into Higgs pairs at NLO QCD and the top
                        mass scheme}",
      journal        = "Eur. Phys. J. C",
      volume         = "79",
      year           = "2019",
      number         = "6",
      pages          = "459",
      doi            = "10.1140/epjc/s10052-019-6973-3",
      eprint         = "1811.05692",
      archivePrefix  = "arXiv",
      primaryClass   = "hep-ph",
      reportNumber   = "FTUV-18-1113, IFIC/18-55, KA-TP-32-2018, PSI-PR-18-14",
      SLACcitation   = "%%CITATION = ARXIV:1811.05692;%%"
}

@article{Bonciani:2018omm,
      author         = "Bonciani, Roberto and Degrassi, Giuseppe and Giardino,
                        Pier Paolo and Gröber, Ramona",
      title          = "{Analytical Method for Next-to-Leading-Order QCD
                        Corrections to Double-Higgs Production}",
      journal        = "Phys. Rev. Lett.",
      volume         = "121",
      year           = "2018",
      number         = "16",
      pages          = "162003",
      doi            = "10.1103/PhysRevLett.121.162003",
      eprint         = "1806.11564",
      archivePrefix  = "arXiv",
      primaryClass   = "hep-ph",
      SLACcitation   = "%%CITATION = ARXIV:1806.11564;%%"
}

@article{deFlorian:2013jea,
      author         = "de Florian, Daniel and Mazzitelli, Javier",
      title          = "{Higgs Boson Pair Production at Next-to-Next-to-Leading
                        Order in QCD}",
      journal        = "Phys. Rev. Lett.",
      volume         = "111",
      year           = "2013",
      pages          = "201801",
      doi            = "10.1103/PhysRevLett.111.201801",
      eprint         = "1309.6594",
      archivePrefix  = "arXiv",
      primaryClass   = "hep-ph",
      SLACcitation   = "%%CITATION = ARXIV:1309.6594;%%"
}

@article{Shao:2013bz,
      author         = "Shao, Ding Yu and Li, Chong Sheng and Li, Hai Tao and
                        Wang, Jian",
      title          = "{Threshold resummation effects in Higgs boson pair
                        production at the LHC}",
      journal        = "JHEP",
      volume         = "07",
      year           = "2013",
      pages          = "169",
      doi            = "10.1007/JHEP07(2013)169",
      eprint         = "1301.1245",
      archivePrefix  = "arXiv",
      primaryClass   = "hep-ph",
      SLACcitation   = "%%CITATION = ARXIV:1301.1245;%%"
}

@article{deFlorian:2015moa,
      author         = "de Florian, Daniel and Mazzitelli, Javier",
      title          = "{Higgs pair production at next-to-next-to-leading
                        logarithmic accuracy at the LHC}",
      journal        = "JHEP",
      volume         = "09",
      year           = "2015",
      pages          = "053",
      doi            = "10.1007/JHEP09(2015)053",
      eprint         = "1505.07122",
      archivePrefix  = "arXiv",
      primaryClass   = "hep-ph",
      SLACcitation   = "%%CITATION = ARXIV:1505.07122;%%"
}

@article{Dreyer:2018,
	  title = {Vector-boson fusion Higgs pair production at ${\mathrm{N}}^{3}\mathrm{LO}$},
  author = {Dreyer, Fr\'ed\'eric A. and Karlberg, Alexander},
  journal = {Phys. Rev. D},
  volume = {98},
  issue = {11},
  pages = {114016},
  numpages = {9},
  year = {2018},
  publisher = {American Physical Society},
  doi = {10.1103/PhysRevD.98.114016},
  archivePrefix  = "arXiv",
  eprint  = "1811.07906",
%  url = {https://link.aps.org/doi/10.1103/PhysRevD.98.114016}
}

@article{Baglio:2013,
    author = {J. Baglio and A. Djouadi and R. Gröber and M.M. Mühlleitner and J. Quevillon and M. Spira},
	title = {The measurement of the Higgs self-coupling at the {LHC}: theoretical status},
	journal = {JHEP},
	year = 2013,
	publisher = {Springer Science and Business Media {LLC}},	
	number = {4},	
	volume = {04},
	pages= {151},
	doi = {10.1007/jhep04(2013)151},
        archivePrefix  = "arXiv",
        eprint  = "1212.5581",
%	url = {https://doi.org/10.1007/JHEP04(2013)151}
}

@article{Ling:2014,
	title = {NNLO QCD corrections to Higgs pair production via vector boson fusion at hadron colliders},
  author = {Ling, Liu-Sheng and Zhang, Ren-You and Ma, Wen-Gan and Guo, Lei and Li, Wei-Hua and Li, Xiao-Zhou},
  journal = {Phys. Rev. D},
  volume = {89},
 % issue = {7},
  pages = {073001},
  numpages = {14},
  year = {2014},
  publisher = {American Physical Society},
  doi = {10.1103/PhysRevD.89.073001},
  archivePrefix  = "arXiv",
  eprint = "1401.7754",
%  url = {https://link.aps.org/doi/10.1103/PhysRevD.89.073001}
}

@article{Cacciari:2011ma,
    author = "Cacciari, Matteo and Salam, Gavin P. and Soyez, Gregory",
    title = "{FastJet user manual}",
    eprint = "1111.6097",
    archivePrefix = "arXiv",
    primaryClass = "hep-ph",
    reportNumber = "CERN-PH-TH-2011-297",
    doi = "10.1140/epjc/s10052-012-1896-2",
    journal = "Eur. Phys. J. C",
    volume = "72",
    pages = "1896",
    year = "2012"
}

@article{ATLAS:2023lwk,
    author = "{ATLAS Collaboration}",
    title = "{Calibration of the light-flavour jet mistagging efficiency of the $b$-tagging algorithms with $Z$+jets events using 139 $\mathrm{fb}^{-1}$ of ATLAS proton-proton collision data at $\sqrt{s} = 13$ TeV}",
    eprint = "2301.06319",
    archivePrefix = "arXiv",
    primaryClass = "hep-ex",
    reportNumber = "CERN-EP-2022-211",
    doi = "10.1140/epjc/s10052-023-11736-z",
    journal = "Eur. Phys. J. C",
    volume = "83",
    number = "8",
    pages = "728",
    year = "2023"
}

% overrides HIGG-2018-32 which lacks the CERN-EP as journal number
@article{ATLAS:2023dnm,
    author = "{ATLAS Collaboration}",
    title = "{Evidence of off-shell Higgs boson production from $ZZ$ leptonic decay channels and constraints on its total width with the ATLAS detector}",
    eprint = "2304.01532",
    archivePrefix = "arXiv",
    primaryClass = "hep-ex",
    journal = "CERN-EP-2023-023",    
    reportNumber = "CERN-EP-2023-023",
    month = "4",
    year = "2023"
}

@article{Alasfar:2023xpc,
    author = "Alasfar, Lina and others",
    title = "{Effective Field Theory descriptions of Higgs boson pair production}",
    eprint = "2304.01968",
    archivePrefix = "arXiv",
    primaryClass = "hep-ph",
    month = "4",
    year = "2023"
}

@article{Alonso:2012px,
    author = "Alonso, R. and Gavela, M. B. and Merlo, L. and Rigolin, S. and Yepes, J.",
    title = "{The effective chiral Lagrangian for a light dynamical ''Higgs particle''}",
    eprint = "1212.3305",
    archivePrefix = "arXiv",
    primaryClass = "hep-ph",
    reportNumber = "FTUAM-12-115, IFT-UAM-CSIC-12-113, CERN-PH-TH-2012-335, DFPD-2012-TH-23",
    doi = "10.1016/j.physletb.2013.04.037",
    journal = "Phys. Lett. B",
    volume = "722",
    pages = "330--335",
    year = "2013",
    note = "[Erratum: \href{https://doi.org/10.1016/j.physletb.2013.09.028}{Phys. Lett. B \textbf{726} (2013) 926 }]"
}

@article{Grzadkowski:2010es,
    author = "Grzadkowski, B. and Iskrzy\'nski, M. and Misiak, M. and Rosiek, J.",
    title = "{Dimension-six terms in the Standard Model Lagrangian}",
    eprint = "1008.4884",
    archivePrefix = "arXiv",
    primaryClass = "hep-ph",
    reportNumber = "IFT-9-2010, TTP10-35",
    doi = "10.1007/JHEP10(2010)085",
    journal = "JHEP",
    volume = "10",
    pages = "085",
    year = "2010"
}

@article{Buchalla:2013rka,
    author = "Buchalla, Gerhard and Cat\`a, Oscar and Krause, Claudius",
    title = "{Complete electroweak chiral Lagrangian with a light Higgs at NLO}",
    eprint = "1307.5017",
    archivePrefix = "arXiv",
    primaryClass = "hep-ph",
    reportNumber = "LMU-ASC-42-13, LMU-ASC\textasciitilde{}42-13",
    doi = "10.1016/j.nuclphysb.2014.01.018",
    journal = "Nucl. Phys. B",
    volume = "880",
    pages = "552--573",
    year = "2014",
    note = "[Erratum: \href{https://doi.org/10.1016/j.nuclphysb.2016.09.010}{Nucl. Phys. B \textbf{913} (2016) 475}]"
}

@article{Buchmuller:1985jz,
    author = "Buchm{\"u}ller, W. and Wyler, D.",
    title = "{Effective lagrangian analysis of new interactions and flavour conservation}",
    reportNumber = "CERN-TH-4254/85",
    doi = "10.1016/0550-3213(86)90262-2",
    journal = "Nucl. Phys. B",
    volume = "268",
    pages = "621--653",
    year = "1986"
}

@article{Brivio:2017vri,
    author = "Brivio, Ilaria and Trott, Michael",
    title = "{The standard model as an effective field theory}",
    eprint = "1706.08945",
    archivePrefix = "arXiv",
    primaryClass = "hep-ph",
    doi = "10.1016/j.physrep.2018.11.002",
    journal = "Phys. Rept.",
    volume = "793",
    pages = "1--98",
    year = "2019"
}

@article{Agrawal_2020,
	doi = {10.1103/physrevd.101.075023},
	author = {Pankaj Agrawal and Debashis Saha and Ling-Xiao Xu and Jiang-Hao Yu and C.-P. Yuan},  
	title = {Determining the shape of the Higgs potential at future colliders}, 
    eprint = "1907.02078",
    archivePrefix = "arXiv",
    primaryClass = "hep-ph",
    journal = "Phys. Rev. D",
    volume = "101",
    number = "7",
    pages = "075023",
    year = "2020"
}

@article{PhysRevD.39.274,
  title = {Application of the bootstrap statistical method to the tau-decay-mode problem},
  author = {Hayes, Kenneth G. and Perl, Martin L. and Efron, Bradley},
  journal = {Phys. Rev. D},
  volume = {39},
  issue = {1},
  pages = {274--279},
  year = {1989},
  doi = {10.1103/PhysRevD.39.274},
}

@Booklet{Gröber:2843280,
      author        = "Gröber, Ramona and Alasfar, Lina and Cadamuro, Luca and
                       Dimitriadi, Christina and Ferrari, Arnaud and Heinrich,
                       Gudrun Marlen and Ingebretsen Carlson, Tom and Lang, Jannis
                       and Ordek, Serhat and Pereira Sanchez, Laura and Scyboz,
                       Ludovic and Sjoelin, Joergen",
      title         = "{Effective Field Theory descriptions of Higgs boson pair
                       production}",
      howpublished  = "{LHCHWG-2022-004}",
      year          = "2022",
      url           = "https://cds.cern.ch/record/2843280",
}

@article{Degrande:2020evl,
    author = "Degrande, C\'eline and Durieux, Gauthier and Maltoni, Fabio and Mimasu, Ken and Vryonidou, Eleni and Zhang, Cen",
    title = "{Automated one-loop computations in the standard model effective field theory}",
    eprint = "2008.11743",
    archivePrefix = "arXiv",
    primaryClass = "hep-ph",
    reportNumber = "CERN-TH-2020-140, CP3-20-42",
    doi = "10.1103/PhysRevD.103.096024",
    journal = "Phys. Rev. D",
    volume = "103",
    number = "9",
    pages = "096024",
    year = "2021"
}


@article{ATLAS-CONF-2023-037,
      author = "{ATLAS Collaboration}",
      collaboration = "ATLAS",
      title         = "{Combined measurement of the Higgs boson mass from the
                       $H\to\gamma\gamma$ and $H\to ZZ^{*} \to 4\ell$ decay
                       channels with the ATLAS detector using $\sqrt{s}$ = 7, 8
                       and 13 TeV $pp$ collision data}",
    eprint = "2308.04775",
    archivePrefix = "arXiv",
    primaryClass = "hep-ex",
    journal = "CERN-EP-2023-156",
    month = "8",
    year = "2023"
}

@Article{Read:2002hq_custom,
    Author = {Read, Alexander L.},
    Journal = {J. Phys. G},
    Pages = {2693},
    doi = "10.1088/0954-3899/28/10/313",
    Title = "{Presentation of search results: the \(CL_s\) technique}",
    Volume = {28},
    Year = {2002}
}

@Article{HDBS-2018-34_custom,
    author         = "{ATLAS Collaboration}",
    title          = "{Search for Higgs boson pair production in the two bottom quarks plus two photons final state in \(pp\) collisions at \(\sqrt{s} = 13\,\text{TeV}\) with the ATLAS detector}",
    journal        = "Phys. Rev. D",
    volume         = "106",
    year           = "2022",
    pages          = "052001",
    doi            = "10.1103/PhysRevD.106.052001",
    reportNumber   = "CERN-EP-2021-180",
    eprint         = "2112.11876",
    archivePrefix  = "arXiv",
    primaryClass   = "hep-ex",
}

@Article{JETM-2018-05_custom,
    author         = "{ATLAS Collaboration}",
    title          = "{Jet energy scale and resolution measured in proton--proton collisions at \(\sqrt{s} = 13\,\text{TeV}\) with the ATLAS detector}",
    journal        = "Eur. Phys. J. C",
    volume         = "81",
    year           = "2021",
    pages          = "689",
    doi            = "10.1140/epjc/s10052-021-09402-3",
    reportNumber   = "CERN-EP-2020-083",
    eprint         = "2007.02645",
    archivePrefix  = "arXiv",
    primaryClass   = "hep-ex",
}

@Article{CMS-HIG-20-005_custom,
    author         = "{CMS Collaboration}",
    title          = "{Search for Higgs Boson Pair Production in the Four \(b\) Quark Final State in Proton--Proton Collisions at \(\sqrt{s} = 13\,\text{TeV}\)}",
    journal        = "Phys. Rev. Lett.",
    volume         = "129",
    year           = "2023",
    pages          = "081802",
    doi            = "10.1103/PhysRevLett.129.081802",
    reportNumber   = "CERN-EP-2022-004",
    eprint         = "2202.09617",
    archivePrefix  = "arXiv",
    primaryClass   = "hep-ex",
}

@Article{FTAG-2019-07_custom,
    author         = "{ATLAS Collaboration}",
    title          = "{ATLAS flavour-tagging algorithms for the LHC Run~2 \(pp\) collision dataset}",
    journal        = "Eur. Phys. J. C",
    volume         = "83",
    year           = "2023",
    pages          = "681",
    doi            = "10.1140/epjc/s10052-023-11699-1",
    reportNumber   = "CERN-EP-2022-226",
    eprint         = "2211.16345",
    archivePrefix  = "arXiv",
    primaryClass   = "physics.data-an",
}

@article{Glashow:1961tr,
    author = "Glashow, S. L.",
    title = "{Partial-symmetries of Weak Interactions}",
    doi = "10.1016/0029-5582(61)90469-2",
    journal = "Nucl. Phys.",
    volume = "22",
    pages = "579--588",
    year = "1961"
}

@article{Salam:1968rm,
    author = "Salam, Abdus",
    title = "{Weak and Electromagnetic Interactions}",
    doi = "10.1142/9789812795915_0034",
    journal = "Conf. Proc. C",
    volume = "680519",
    pages = "367--377",
    year = "1968"
}

@article{Weinberg:1967tq,
    author = "Weinberg, Steven",
    title = "{A Model of Leptons}",
    doi = "10.1103/PhysRevLett.19.1264",
    journal = "Phys. Rev. Lett.",
    volume = "19",
    pages = "1264--1266",
    year = "1967"
}

@article{Jager:2015hka,
    author = "J{\"a}ger, Barbara and Reina, Laura and Wackeroth, Doreen",
    title = "{Higgs boson production in association with b jets in the POWHEG BOX}",
    eprint = "1509.05843",
    archivePrefix = "arXiv",
    primaryClass = "hep-ph",
    doi = "10.1103/PhysRevD.93.014030",
    journal = "Phys. Rev. D",
    volume = "93",
    number = "1",
    pages = "014030",
    year = "2016"
}

@Article{DAPR-2021-01,
    author         = "{ATLAS Collaboration}",
    title          = "{Luminosity determination in \(pp\) collisions at \(\sqrt{s} = 13\,\text{TeV}\) using the ATLAS detector at the LHC}",
    year           = "2022",
    reportNumber   = "CERN-EP-2022-281",
    journal        = "CERN-EP-2022-281",    
    eprint         = "2212.09379",
    archivePrefix  = "arXiv",
    primaryClass   = "hep-ex",
}
