
@article{2020,
   title={Automated detector simulation and reconstruction parametrization using machine learning},
   volume={15},
   ISSN={1748-0221},
   url={http://dx.doi.org/10.1088/1748-0221/15/05/P05025},
   DOI={10.1088/1748-0221/15/05/p05025},
   number={05},
   journal={Journal of Instrumentation},
   publisher={IOP Publishing},
   author={Benjamin, D. and Chekanov, S. and Hopkins, W. and Li, Y. and Love, J.R.},
   year={2020},
   month={May},
   pages={P05025â€“P05025}
}

@article{2019,
   title={Constraints on mediator-based dark matter and scalar dark energy models using $$ \sqrt{s} $$ = 13 TeV pp collision data collected by the ATLAS detector},
   volume={2019},
   ISSN={1029-8479},
   url={http://dx.doi.org/10.1007/JHEP05(2019)142},
   DOI={10.1007/jhep05(2019)142},
   number={5},
   journal={Journal of High Energy Physics},
   publisher={Springer Science and Business Media LLC},
   author="{ATLAS Collaboration}",
   year={2019},
   month={May}
}
  
@article{Aaltonen:2013as,
    author = "{CDF Collaboration}",
    collaboration = "CDF",
    title = "{Search for $B_s^0 \rightarrow \mu^{+}\mu^{-}$ and $B^0 \rightarrow \mu^{+}\mu^{-}$ decays with the full CDF Run II data set}",
    eprint = "1301.7048",
    archivePrefix = "arXiv",
    primaryClass = "hep-ex",
    reportNumber = "FERMILAB-PUB-13-034",
    doi = "10.1103/PhysRevD.87.072003",
    journal = "Phys. Rev. D",
    volume = "87",
    number = "7",
    pages = "072003",
    year = "2013",
    note = "[Erratum: Phys.Rev.D 97, 099901 (2018)]"
}

@article{Aaltonen:2011fi,
    author = "{CDF Collaboration}",
    collaboration = "CDF",
    title = "{Search for $B_s^0 \to  \mu^+ \mu^-$ and $B^0 \to  \mu^+ \mu^-$ Decays with CDF II}",
    eprint = "1107.2304",
    archivePrefix = "arXiv",
    primaryClass = "hep-ex",
    reportNumber = "FERMILAB-PUB-11-315-E-PPD",
    doi = "10.1103/PhysRevLett.107.191801",
    journal = "Phys. Rev. Lett.",
    volume = "107",
    pages = "191801",
    year = "2011",
    note = "[Addendum: Phys.Rev.Lett. 107, 239903 (2011)]"
}




@techreport{larTDR,
      author        = "Aleksa, M and Cleland, W  and Enari, Y
                        and Fincke-Keeler, M  and Hervas, L
                        and Lanni, F  and Majewski, S  and
                       Marino, C  and Wingerter-Seez, I ",
      title         = "{ATLAS Liquid Argon Calorimeter Phase-I Upgrade Technical
                       Design Report}",
      number        = "CERN-LHCC-2013-017. ATLAS-TDR-022",
      month         = "Sep",
      year          = "2013",
      reportNumber  = "CERN-LHCC-2013-017",
      url           = "https://cds.cern.ch/record/1602230",
      note          = "Final version presented to December 2013 LHCC.",
}


@article{stopEarlyRun2,
   title={Search for a scalar partner of the top quark in the jets plus missing transverse momentum final state at $\sqrt{s}=13$ TeV with the ATLAS detector},
   volume={2017},
   DOI={10.1007/jhep12(2017)085},
   number={12},
   journal={JHEP},
   publisher={Springer Science and Business Media LLC},
   author="{ATLAS Collaboration}",
   year={2017},
   month={Dec},
   eprint = "1709.04183",
   archivePrefix = "arXiv",
   primaryClass = "hep-ex",
}



@article{stop0L_3,
    author = "{ATLAS Collaboration}",
    collaboration = "ATLAS",
    title = "{Search for a scalar partner of the top quark in the all-hadronic $t{\bar{t}}$ plus missing transverse momentum final state at $\sqrt{s}=13$~TeV with the ATLAS detector}",
    eprint = "2004.14060",
    archivePrefix = "arXiv",
    primaryClass = "hep-ex",
    reportNumber = "CERN-EP-2020-044",
    doi = "10.1140/epjc/s10052-020-8102-8",
    journal = "Eur. Phys. J. C",
    volume = "80",
    number = "8",
    pages = "737",
    year = "2020"
}

@article{stop0L_2,
    author = "{ATLAS Collaboration}",
    collaboration = "ATLAS",
    title = "{Search for a scalar partner of the top quark in the jets plus missing transverse momentum final state at $\sqrt{s}$=13 TeV with the ATLAS detector}",
    eprint = "1709.04183",
    archivePrefix = "arXiv",
    primaryClass = "hep-ex",
    reportNumber = "CERN-EP-2017-162",
    doi = "10.1007/JHEP12(2017)085",
    journal = "JHEP",
    volume = "12",
    pages = "085",
    year = "2017"
}

@article{stop0L_1,
        author = "{ATLAS Collaboration}",
    collaboration = "ATLAS",
    title = "{Search for direct pair production of the top squark in all-hadronic final states in proton-proton collisions at $\sqrt{s}=8$ TeV with the ATLAS detector}",
    eprint = "1406.1122",
    archivePrefix = "arXiv",
    primaryClass = "hep-ex",
    reportNumber = "CERN-PH-EP-2014-112",
    doi = "10.1007/JHEP09(2014)015",
    journal = "JHEP",
    volume = "09",
    pages = "015",
    year = "2014"
}
